{
  "leader": "02022cam a22004451i 4500",
  "fields": [
    {
      "001": "ocm14615227\\"
    },
    {
      "003": "OCoLC"
    },
    {
      "005": "20211118142325.0"
    },
    {
      "008": "820514s1965\\\\\\\\nyua\\\\\\\\\\\\\\\\\\\\000\\0\\eng\\\\"
    },
    {
      "010": {
        "ind1": "\\",
        "ind2": "\\",
        "subfields": [
          {
            "a": "   65011850 "
          }
        ]
      }
    },
    {
      "040": {
        "ind1": "\\",
        "ind2": "\\",
        "subfields": [
          {
            "a": "NLM"
          },
          {
            "b": "eng"
          },
          {
            "c": "NLM"
          },
          {
            "d": "OBE"
          },
          {
            "d": "SER"
          },
          {
            "d": "IXA"
          },
          {
            "d": "CGC"
          },
          {
            "d": "DRB"
          },
          {
            "d": "OCLCF"
          },
          {
            "d": "OCLCQ"
          },
          {
            "d": "OCLCO"
          },
          {
            "d": "OCLCQ"
          },
          {
            "d": "CNUTO"
          },
          {
            "d": "OCLCA"
          },
          {
            "d": "NLM"
          },
          {
            "d": "OCLCO"
          },
          {
            "d": "OCLCA"
          },
          {
            "d": "IRCJS"
          },
          {
            "d": "NJR"
          },
          {
            "d": "CSJ"
          },
          {
            "d": "BUF"
          },
          {
            "d": "AOW"
          },
          {
            "d": "UAB"
          },
          {
            "d": "GZH"
          },
          {
            "d": "MNB"
          },
          {
            "d": "GILDS"
          },
          {
            "d": "MRM"
          },
          {
            "d": "FQM"
          },
          {
            "d": "OCLCA"
          },
          {
            "d": "PAU"
          },
          {
            "d": "NAM"
          },
          {
            "d": "BUB"
          },
          {
            "d": "EUM"
          },
          {
            "d": "DXU"
          },
          {
            "d": "UWO"
          },
          {
            "d": "GDC"
          },
          {
            "d": "LGG"
          },
          {
            "d": "TJC"
          },
          {
            "d": "DKC"
          },
          {
            "d": "UMK"
          },
          {
            "d": "ADU"
          },
          {
            "d": "VXL"
          },
          {
            "d": "UNM"
          },
          {
            "d": "CDN"
          },
          {
            "d": "LHL"
          },
          {
            "d": "EUW"
          },
          {
            "d": "Q2U"
          },
          {
            "d": "EYM"
          },
          {
            "d": "LUN"
          },
          {
            "d": "CFI"
          },
          {
            "d": "LHT"
          },
          {
            "d": "UCIDS"
          },
          {
            "d": "OCLCO"
          },
          {
            "d": "OTZ"
          },
          {
            "d": "KGN"
          }
        ]
      }
    },
    {
      "066": {
        "ind1": "\\",
        "ind2": "\\",
        "subfields": [
          {
            "c": "{dollar}1"
          }
        ]
      }
    },
    {
      "016": {
        "ind1": "7",
        "ind2": "\\",
        "subfields": [
          {
            "a": "55120100R"
          },
          {
            "2": "DNLM"
          }
        ]
      }
    },
    {
      "019": {
        "ind1": "\\",
        "ind2": "\\",
        "subfields": [
          {
            "a": "1821544"
          },
          {
            "a": "977225557"
          },
          {
            "a": "1201903038"
          }
        ]
      }
    },
    {
      "035": {
        "ind1": "\\",
        "ind2": "\\",
        "subfields": [
          {
            "a": "(OCoLC)14615227"
          },
          {
            "z": "(OCoLC)1821544"
          },
          {
            "z": "(OCoLC)977225557"
          },
          {
            "z": "(OCoLC)1201903038"
          }
        ]
      }
    },
    {
      "043": {
        "ind1": "\\",
        "ind2": "\\",
        "subfields": [
          {
            "a": "a-ja---"
          }
        ]
      }
    },
    {
      "050": {
        "ind1": "\\",
        "ind2": "4",
        "subfields": [
          {
            "a": "R816"
          },
          {
            "b": ".B68"
          }
        ]
      }
    },
    {
      "060": {
        "ind1": "0",
        "ind2": "0",
        "subfields": [
          {
            "a": "WZ 70 JJ3"
          },
          {
            "b": "B7m 1965"
          }
        ]
      }
    },
    {
      "082": {
        "ind1": "0",
        "ind2": "4",
        "subfields": [
          {
            "a": "610.70952"
          },
          {
            "b": "BOW"
          }
        ]
      }
    },
    {
      "100": {
        "ind1": "1",
        "ind2": "\\",
        "subfields": [
          {
            "a": "Bowers, John Z.,"
          },
          {
            "d": "1913-1993."
          }
        ]
      }
    },
    {
      "245": {
        "ind1": "1",
        "ind2": "0",
        "subfields": [
          {
            "a": "Medical education in Japan,"
          },
          {
            "b": "from Chinese medicine to western medicine."
          }
        ]
      }
    },
    {
      "260": {
        "ind1": "\\",
        "ind2": "\\",
        "subfields": [
          {
            "a": "New York :"
          },
          {
            "b": "Hoeber,"
          },
          {
            "c": "[\u00a91965]"
          }
        ]
      }
    },
    {
      "300": {
        "ind1": "\\",
        "ind2": "\\",
        "subfields": [
          {
            "a": "xviii, 174 pages :"
          },
          {
            "b": "illustrations, portraits ;"
          },
          {
            "c": "22 cm"
          }
        ]
      }
    },
    {
      "336": {
        "ind1": "\\",
        "ind2": "\\",
        "subfields": [
          {
            "a": "text"
          },
          {
            "b": "txt"
          },
          {
            "2": "rdacontent"
          }
        ]
      }
    },
    {
      "337": {
        "ind1": "\\",
        "ind2": "\\",
        "subfields": [
          {
            "a": "unmediated"
          },
          {
            "b": "n"
          },
          {
            "2": "rdamedia"
          }
        ]
      }
    },
    {
      "338": {
        "ind1": "\\",
        "ind2": "\\",
        "subfields": [
          {
            "a": "volume"
          },
          {
            "b": "nc"
          },
          {
            "2": "rdacarrier"
          }
        ]
      }
    },
    {
      "490": {
        "ind1": "0",
        "ind2": "\\",
        "subfields": [
          {
            "a": "A Commonwealth Fund book"
          }
        ]
      }
    },
    {
      "504": {
        "ind1": "\\",
        "ind2": "\\",
        "subfields": [
          {
            "a": "Bibliography: pages 163-167."
          }
        ]
      }
    },
    {
      "650": {
        "ind1": "\\",
        "ind2": "0",
        "subfields": [
          {
            "a": "Medical education"
          },
          {
            "z": "Japan."
          }
        ]
      }
    },
    {
      "650": {
        "ind1": "\\",
        "ind2": "2",
        "subfields": [
          {
            "a": "Education, Medical"
          },
          {
            "x": "history."
          },
          {
            "0": "https://id.nlm.nih.gov/mesh/D004501Q000266"
          }
        ]
      }
    },
    {
      "650": {
        "ind1": "\\",
        "ind2": "2",
        "subfields": [
          {
            "a": "History of Medicine."
          },
          {
            "0": "https://id.nlm.nih.gov/mesh/D006666"
          }
        ]
      }
    },
    {
      "650": {
        "ind1": "\\",
        "ind2": "7",
        "subfields": [
          {
            "a": "Medical education."
          },
          {
            "2": "fast"
          },
          {
            "0": "(OCoLC)fst01014024"
          }
        ]
      }
    },
    {
      "651": {
        "ind1": "\\",
        "ind2": "7",
        "subfields": [
          {
            "a": "Japan."
          },
          {
            "2": "fast"
          },
          {
            "0": "(OCoLC)fst01204082"
          }
        ]
      }
    },
    {
      "776": {
        "ind1": "0",
        "ind2": "8",
        "subfields": [
          {
            "i": "Online version:"
          },
          {
            "a": "Bowers, John Z., 1913-"
          },
          {
            "t": "Medical education in Japan."
          },
          {
            "d": "New York, Hoeber [\u00a91965]"
          },
          {
            "w": "(OCoLC)599509240"
          }
        ]
      }
    },
    {
      "776": {
        "ind1": "0",
        "ind2": "8",
        "subfields": [
          {
            "i": "Online version:"
          },
          {
            "a": "Bowers, John Z., 1913-"
          },
          {
            "t": "Medical education in Japan."
          },
          {
            "d": "New York, Hoeber [\u00a91965]"
          },
          {
            "w": "(OCoLC)629698900"
          }
        ]
      }
    },
    {
      "880": {
        "ind1": "3",
        "ind2": "4",
        "subfields": [
          {
            "6": "246-00"
          },
          {
            "a": "\u533b\u5b66"
          }
        ]
      }
    },
    {
      "994": {
        "ind1": "\\",
        "ind2": "\\",
        "subfields": [
          {
            "a": "Z0"
          },
          {
            "b": "NYRVC"
          }
        ]
      }
    },
    {
      "948": {
        "ind1": "\\",
        "ind2": "\\",
        "subfields": [
          {
            "h": "NO HOLDINGS IN NYRVC - 184 OTHER HOLDINGS"
          }
        ]
      }
    },
    {
      "999": {
        "ind1": "\\",
        "ind2": "\\",
        "subfields": [
          {
            "a": "no barcode in first copy"
          }
        ]
      }
    },
    {
      "999": {
        "ind1": "\\",
        "ind2": "\\",
        "subfields": [
          {
            "a": "no barcode in second copy"
          }
        ]
      }
    }
  ]
}